@article{modello,
    author = "Christian Blum and Verena Schmid",
    title = "Solving the 2D bin packing problem by means of a hybrid evolutionary algorithm. ({English})",
    journal = "International Conference on Computational Science",
    year = "2013",
    DOI = "https://www.sciencedirect.com/science/article/pii/S1",
    keywords = "operative research"
}
 
@book{ricerca,
    title = {The Principles of Quantum Mechanics},
    author = {Paul Adrien Maurice Dirac},
    isbn = {9780198520115},
    series = {International series of monographs on physics},
    year = {1981},
    publisher = {Clarendon Press},
    keywords = {physics}
}

@online{python,
    title = "Python",
    url  = "https://www.python.org/",
}

@online{dropbox,
    title = "DropBox",
    url  = "https://dropbox.com/it/",
}

@online{boost,
    title = "Boost",
    url  = "https://www.boost.org/",
}

@online{github,
    title = "GitHub",
    url  = "https://www.github.com/",
}

@online{git,
    title = "Git",
    url  = "https://git-scm.com/",
}

@online{jupyter,
    title = "Jupyter notebook",
    url  = "http://jupyter.org/",
}

@online{visual,
    title = "Visual Studio Code",
    url  = "https://code.visualstudio.com/",
}

@online{matplotlib,
    title = "Matplotlib",
    url = "https://matplotlib.org/",
}

@online{pandas,
    title = "Pandas",
    url = "https://pandas.pydata.org/",
}

@online{multiprocessing,
    title = "Multiprocessing",
    url = "https://docs.python.org/2/library/multiprocessing.html",
}

@online{pip,
    title = "PIP",
    url = "https://pypi.org/project/pip/",
}

@online{taiga,
    title = "Taiga",
    url = "https://taiga.io/",
}

@online{ortools,
    title = "Google Or-Tools",
    url = "https://developers.google.com/optimization/",
}

@online{cbc,
    title = "Cbc",
    url = "https://projects.coin-or.org/Cbc",
}

@online{cpp,
    title = "C++",
    url = "http://www.cplusplus.org/",
}

@online{telegram,
    title = "Telegram",
    url = "https://telegram.org/",
}

@online{cplex,
    title = "CPLEX",
    url = "https://www.ibm.com/analytics/cplex-optimizer",
}

@online{gurobi,
    title = "Gurobi",
    url = "http://www.gurobi.com/",
}

@online{scip,
    title = "SCIP",
    url = "https://scip.zib.de/",
}

@online{stageit,
    title = "StageIt",
    url = "http://informatica.math.unipd.it/laurea/stageit.html",
}